%%
% The BIThesis Template for Bachelor Graduation Thesis
%
% 北京理工大学毕业设计（论文）参考文献管理 —— 使用 XeLaTeX 编译
%
% Copyright 2020-2023 BITNP
%
% This work may be distributed and/or modified under the
% conditions of the LaTeX Project Public License, either version 1.3
% of this license or (at your option) any later version.
% The latest version of this license is in
%   http://www.latex-project.org/lppl.txt
% and version 1.3 or later is part of all distributions of LaTeX
% version 2005/12/01 or later.
%
% This work has the LPPL maintenance status `maintained'.
%
% The Current Maintainer of this work is Feng Kaiyu.
%
% Compile with: xelatex -> biber -> xelatex -> xelatex

@String(PAMI = {IEEE Trans. Pattern Anal. Mach. Intell.})
@String(IJCV = {Int. J. Comput. Vis.})
@String(CVPR= {IEEE Conf. Comput. Vis. Pattern Recog.})
@String(ICCV= {Int. Conf. Comput. Vis.})
@String(ECCV= {Eur. Conf. Comput. Vis.})
@String(ICRA= {Int. Conf. Robot. Auto.})
@String(NIPS= {Adv. Neural Inform. Process. Syst.})
@String(ICPR = {Int. Conf. Pattern Recog.})
@String(BMVC= {Brit. Mach. Vis. Conf.})
@String(TOG= {ACM Trans. Graph.})
@String(TRO = {IEEE Trans. Robot.})
@String(TIP  = {IEEE Trans. Image Process.})
@String(TVCG = {IEEE Trans. Vis. Comput. Graph.})
@String(TMM  = {IEEE Trans. Multimedia})
@String(ACMMM= {ACM Int. Conf. Multimedia})
@String(ICME = {Int. Conf. Multimedia and Expo})
@String(ICASSP=	{ICASSP})
@String(ICIP = {IEEE Int. Conf. Image Process.})
@String(ACCV  = {ACCV})
@String(ICLR = {Int. Conf. Learn. Represent.})
@String(IJCAI = {IJCAI})
@String(PR   = {Pattern Recognition})
@String(AAAI = {AAAI})
@String(CVPRW= {IEEE Conf. Comput. Vis. Pattern Recog. Worksh.})
@String(CSVT = {IEEE Trans. Circuit Syst. Video Technol.})

@String(SPL	= {IEEE Sign. Process. Letters})
@String(VR   = {Vis. Res.})
@String(JOV	 = {J. Vis.})
@String(TVC  = {The Vis. Comput.})
@String(JCST  = {J. Comput. Sci. Tech.})
@String(CGF  = {Comput. Graph. Forum})
@String(CVM = {Computational Visual Media})

@String(TRO = {TRO})
@String(ICRA= {ICRA})
@String(PAMI  = {IEEE TPAMI})
@String(IJCV  = {IJCV})
@String(CVPR  = {CVPR})
@String(ICCV  = {ICCV})
@String(ECCV  = {ECCV})
@String(NIPS  = {NeurIPS})
@String(ICPR  = {ICPR})
@String(BMVC  =	{BMVC})
@String(TOG   = {ACM TOG})
@String(TIP   = {IEEE TIP})
@String(TVCG  = {IEEE TVCG})
@String(TCSVT = {IEEE TCSVT})
@String(TMM   =	{IEEE TMM})
@String(ACMMM = {ACM MM})
@String(ICME  =	{ICME})
@String(ICASSP=	{ICASSP})
@String(ICIP  = {ICIP})
@String(ACCV  = {ACCV})
@String(ICLR  = {ICLR})
@String(IJCAI = {IJCAI})
@String(PR = {PR})
@String(AAAI = {AAAI})
@String(CVPRW= {CVPRW})
@String(CSVT = {IEEE TCSVT})
@String(threeDOR = {3DOR})
@String(MICCAI = {MICCAI})
@String(SPIE = {SPIE})

@article{krizhevsky2017imagenet,
  title={Imagenet classification with deep convolutional neural networks},
  author={Krizhevsky, Alex and Sutskever, Ilya and Hinton, Geoffrey E},
  journal={Communications of the ACM},
  volume={60},
  number={6},
  pages={84--90},
  year={2017},
  publisher={AcM New York, NY, USA}
}

@article{simonyan2014very,
  title={Very deep convolutional networks for large-scale image recognition},
  author={Simonyan, Karen and Zisserman, Andrew},
  journal={arXiv preprint arXiv:1409.1556},
  year={2014}
}

@inproceedings{he2016deep,
  title={Deep residual learning for image recognition},
  author={He, Kaiming and Zhang, Xiangyu and Ren, Shaoqing and Sun, Jian},
  booktitle={Proceedings of the IEEE conference on computer vision and pattern recognition},
  pages={770--778},
  year={2016}
}

@article{dosovitskiy2020image,
  title={An image is worth 16x16 words: Transformers for image recognition at scale},
  author={Dosovitskiy, Alexey and Beyer, Lucas and Kolesnikov, Alexander and Weissenborn, Dirk and Zhai, Xiaohua and Unterthiner, Thomas and Dehghani, Mostafa and Minderer, Matthias and Heigold, Georg and Gelly, Sylvain and others},
  journal={arXiv preprint arXiv:2010.11929},
  year={2020}
}

@inproceedings{qi2017pointnet,
  title={Pointnet: Deep learning on point sets for 3d classification and segmentation},
  author={Qi, Charles R and Su, Hao and Mo, Kaichun and Guibas, Leonidas J},
  booktitle={Proceedings of the IEEE conference on computer vision and pattern recognition},
  pages={652--660},
  year={2017}
}

@inproceedings{bai2021pointdsc,
  title={Pointdsc: Robust point cloud registration using deep spatial consistency},
  author={Bai, Xuyang and Luo, Zixin and Zhou, Lei and Chen, Hongkai and Li, Lei and Hu, Zeyu and Fu, Hongbo and Tai, Chiew-Lan},
  booktitle={Proceedings of the IEEE/CVF Conference on Computer Vision and Pattern Recognition},
  pages={15859--15869},
  year={2021}
}

@article{huang2021comprehensive,
  title={A comprehensive survey on point cloud registration},
  author={Huang, Xiaoshui and Mei, Guofeng and Zhang, Jian and Abbas, Rana},
  journal={arXiv preprint arXiv:2103.02690},
  year={2021}
}

@inproceedings{besl1992method,
  title={Method for registration of 3-D shapes},
  author={Besl, Paul J and McKay, Neil D},
  booktitle={Sensor fusion IV: control paradigms and data structures},
  volume={1611},
  pages={586--606},
  year={1992},
  organization={Spie}
}

@article{yang2019performance,
  title={A performance evaluation of correspondence grouping methods for 3D rigid data matching},
  author={Yang, Jiaqi and Xian, Ke and Wang, Peng and Zhang, Yanning},
  journal={IEEE transactions on pattern analysis and machine intelligence},
  volume={43},
  number={6},
  pages={1859--1874},
  year={2019},
  publisher={IEEE}
}

@inproceedings{qi2019deep,
  title={Deep hough voting for 3d object detection in point clouds},
  author={Qi, Charles R and Litany, Or and He, Kaiming and Guibas, Leonidas J},
  booktitle={proceedings of the IEEE/CVF International Conference on Computer Vision},
  pages={9277--9286},
  year={2019}
}

@inproceedings{wang2018sgpn,
  title={Sgpn: Similarity group proposal network for 3d point cloud instance segmentation},
  author={Wang, Weiyue and Yu, Ronald and Huang, Qiangui and Neumann, Ulrich},
  booktitle={Proceedings of the IEEE conference on computer vision and pattern recognition},
  pages={2569--2578},
  year={2018}
}

@inproceedings{han2020occuseg,
  title={Occuseg: Occupancy-aware 3d instance segmentation},
  author={Han, Lei and Zheng, Tian and Xu, Lan and Fang, Lu},
  booktitle={Proceedings of the IEEE/CVF conference on computer vision and pattern recognition},
  pages={2940--2949},
  year={2020}
}

@inproceedings{barath2018multi,
  title={Multi-class model fitting by energy minimization and mode-seeking},
  author={Barath, Daniel and Matas, Jiri},
  booktitle={Proceedings of the European Conference on Computer Vision (ECCV)},
  pages={221--236},
  year={2018}
}

@article{hartley1997defense,
  title={In defense of the eight-point algorithm},
  author={Hartley, Richard I},
  journal={IEEE Transactions on pattern analysis and machine intelligence},
  volume={19},
  number={6},
  pages={580--593},
  year={1997},
  publisher={IEEE}
}

@inproceedings{tang2022multi,
  title={Multi-instance point cloud registration by efficient correspondence clustering},
  author={Tang, Weixuan and Zou, Danping},
  booktitle={Proceedings of the IEEE/CVF conference on computer vision and pattern recognition},
  pages={6667--6676},
  year={2022}
}

@inproceedings{barath2019progressive,
  title={Progressive-x: Efficient, anytime, multi-model fitting algorithm},
  author={Barath, Daniel and Matas, Jiri},
  booktitle={Proceedings of the IEEE/CVF international conference on computer vision},
  pages={3780--3788},
  year={2019}
}

@inproceedings{zhao2021progressive,
  title={Progressive Correspondence Pruning by Consensus Learning},
  author={Zhao, Chen and Ge, Yixiao and Zhu, Feng and Zhao, Rui and Li, Hongsheng and Salzmann, Mathieu},
  booktitle={Proceedings of the IEEE/CVF International Conference on Computer Vision},
  pages={6464--6473},
  year={2021}
}

@article{barath2021progressive,
  title={Progressive-x+: Clustering in the consensus space},
  author={Barath, Daniel and Rozumny, Denys and Eichhardt, Ivan and Hajder, Levente and Matas, Jiri},
  journal={arXiv preprint arXiv:2103.13875},
  year={2021}
}

@inproceedings{kanazawa2004detection,
  title={Detection of planar regions with uncalibrated stereo using distributions of feature points.},
  author={Kanazawa, Yasushi and Kawakami, Hiroshi},
  booktitle={BMVC},
  pages={1--10},
  year={2004}
}

@inproceedings{kluger2020consac,
  title={Consac: Robust multi-model fitting by conditional sample consensus},
  author={Kluger, Florian and Brachmann, Eric and Ackermann, Hanno and Rother, Carsten and Yang, Michael Ying and Rosenhahn, Bodo},
  booktitle={Proceedings of the IEEE/CVF conference on computer vision and pattern recognition},
  pages={4634--4643},
  year={2020}
}

@inproceedings{barath2018graph,
  title={Graph-cut RANSAC},
  author={Barath, Daniel and Matas, Ji{\v{r}}{\'\i}},
  booktitle={Proceedings of the IEEE conference on computer vision and pattern recognition},
  pages={6733--6741},
  year={2018}
}

@inproceedings{toldo2008robust,
  title={Robust multiple structures estimation with j-linkage},
  author={Toldo, Roberto and Fusiello, Andrea},
  booktitle={Computer Vision--ECCV 2008: 10th European Conference on Computer Vision, Marseille, France, October 12-18, 2008, Proceedings, Part I 10},
  pages={537--547},
  year={2008},
  organization={Springer}
}

@inproceedings{carion2020end,
  title={End-to-end object detection with transformers},
  author={Carion, Nicolas and Massa, Francisco and Synnaeve, Gabriel and Usunier, Nicolas and Kirillov, Alexander and Zagoruyko, Sergey},
  booktitle={Computer Vision--ECCV 2020: 16th European Conference, Glasgow, UK, August 23--28, 2020, Proceedings, Part I 16},
  pages={213--229},
  year={2020},
  organization={Springer}
}

@inproceedings{magri2014t,
  title={T-linkage: A continuous relaxation of j-linkage for multi-model fitting},
  author={Magri, Luca and Fusiello, Andrea},
  booktitle={Proceedings of the IEEE conference on computer vision and pattern recognition},
  pages={3954--3961},
  year={2014}
}

@inproceedings{magri2015robust,
  title={Robust multiple model fitting with preference analysis and low-rank approximation},
  author={Magri, Luca and Andrea, Fusiello and others},
  booktitle={Procedings of the British Machine Vision Conference 2015},
  pages={20--1},
  year={2015}
}

@inproceedings{magri2016multiple,
  title={Multiple model fitting as a set coverage problem},
  author={Magri, Luca and Fusiello, Andrea},
  booktitle={Proceedings of the IEEE conference on computer vision and pattern recognition},
  pages={3318--3326},
  year={2016}
}

@inproceedings{leordeanu2005spectral,
  title={A spectral technique for correspondence problems using pairwise constraints},
  author={Leordeanu, Marius and Hebert, Martial},
  booktitle={Tenth IEEE International Conference on Computer Vision (ICCV'05) Volume 1},
  volume={2},
  pages={1482--1489},
  year={2005},
  organization={IEEE}
}

@inproceedings{yuan2022pointclm,
  title={PointCLM: A Contrastive Learning-based Framework for Multi-instance Point Cloud Registration},
  author={Yuan, Mingzhi and Li, Zhihao and Jin, Qiuye and Chen, Xinrong and Wang, Manning},
  booktitle={Computer Vision--ECCV 2022: 17th European Conference, Tel Aviv, Israel, October 23--27, 2022, Proceedings, Part IX},
  pages={595--611},
  year={2022},
  organization={Springer}
}

@inproceedings{huang2021predator,
  title={Predator: Registration of 3d point clouds with low overlap},
  author={Huang, Shengyu and Gojcic, Zan and Usvyatsov, Mikhail and Wieser, Andreas and Schindler, Konrad},
  booktitle={Proceedings of the IEEE/CVF Conference on computer vision and pattern recognition},
  pages={4267--4276},
  year={2021}
}

@inproceedings{lin2017feature,
  title={Feature pyramid networks for object detection},
  author={Lin, Tsung-Yi and Doll{\'a}r, Piotr and Girshick, Ross and He, Kaiming and Hariharan, Bharath and Belongie, Serge},
  booktitle={Proceedings of the IEEE conference on computer vision and pattern recognition},
  pages={2117--2125},
  year={2017}
}

@inproceedings{thomas2019kpconv,
  title={Kpconv: Flexible and deformable convolution for point clouds},
  author={Thomas, Hugues and Qi, Charles R and Deschaud, Jean-Emmanuel and Marcotegui, Beatriz and Goulette, Fran{\c{c}}ois and Guibas, Leonidas J},
  booktitle={Proceedings of the IEEE/CVF international conference on computer vision},
  pages={6411--6420},
  year={2019}
}

@inproceedings{qin2022geometric,
  title={Geometric transformer for fast and robust point cloud registration},
  author={Qin, Zheng and Yu, Hao and Wang, Changjian and Guo, Yulan and Peng, Yuxing and Xu, Kai},
  booktitle={Proceedings of the IEEE/CVF Conference on Computer Vision and Pattern Recognition},
  pages={11143--11152},
  year={2022}
}

@inproceedings{sun2020circle,
  title={Circle loss: A unified perspective of pair similarity optimization},
  author={Sun, Yifan and Cheng, Changmao and Zhang, Yuhan and Zhang, Chi and Zheng, Liang and Wang, Zhongdao and Wei, Yichen},
  booktitle={Proceedings of the IEEE/CVF conference on computer vision and pattern recognition},
  pages={6398--6407},
  year={2020}
}

@inproceedings{sarlin2020superglue,
  title={Superglue: Learning feature matching with graph neural networks},
  author={Sarlin, Paul-Edouard and DeTone, Daniel and Malisiewicz, Tomasz and Rabinovich, Andrew},
  booktitle={Proceedings of the IEEE/CVF conference on computer vision and pattern recognition},
  pages={4938--4947},
  year={2020}
}

@techreport{schenker1992sensor,
  title={Sensor fusion IV: Control paradigms and data structures; Proceedings of the Meeting, Boston, MA, Nov. 12-15, 1991},
  author={Schenker, Paul S},
  year={1992},
  institution={Society of Photo-Optical Instrumentation Engineers (SPIE Proceedings. Vol. 1611)}
}

@article{pomerleau2015review,
  title={A review of point cloud registration algorithms for mobile robotics},
  author={Pomerleau, Fran{\c{c}}ois and Colas, Francis and Siegwart, Roland and others},
  journal={Foundations and Trends{\textregistered} in Robotics},
  volume={4},
  number={1},
  pages={1--104},
  year={2015},
  publisher={Now Publishers, Inc.}
}

@inproceedings{aoki2019pointnetlk,
  title={Pointnetlk: Robust \& efficient point cloud registration using pointnet},
  author={Aoki, Yasuhiro and Goforth, Hunter and Srivatsan, Rangaprasad Arun and Lucey, Simon},
  booktitle={Proceedings of the IEEE/CVF conference on computer vision and pattern recognition},
  pages={7163--7172},
  year={2019}
}

@inproceedings{bai2020d3feat,
  title={D3feat: Joint learning of dense detection and description of 3d local features},
  author={Bai, Xuyang and Luo, Zixin and Zhou, Lei and Fu, Hongbo and Quan, Long and Tai, Chiew-Lan},
  booktitle={Proceedings of the IEEE/CVF conference on computer vision and pattern recognition},
  pages={6359--6367},
  year={2020}
}

@inproceedings{wang2022you,
  title={You only hypothesize once: Point cloud registration with rotation-equivariant descriptors},
  author={Wang, Haiping and Liu, Yuan and Dong, Zhen and Wang, Wenping},
  booktitle={Proceedings of the 30th ACM International Conference on Multimedia},
  pages={1630--1641},
  year={2022}
}

@article{bustos2017guaranteed,
  title={Guaranteed outlier removal for point cloud registration with correspondences},
  author={Bustos, Alvaro Parra and Chin, Tat-Jun},
  journal={IEEE transactions on pattern analysis and machine intelligence},
  volume={40},
  number={12},
  pages={2868--2882},
  year={2017},
  publisher={IEEE}
}

@article{yang2020teaser,
  title={Teaser: Fast and certifiable point cloud registration},
  author={Yang, Heng and Shi, Jingnan and Carlone, Luca},
  journal={IEEE Transactions on Robotics},
  volume={37},
  number={2},
  pages={314--333},
  year={2020},
  publisher={IEEE}
}

@inproceedings{yi2018learning,
  title={Learning to find good correspondences},
  author={Yi, Kwang Moo and Trulls, Eduard and Ono, Yuki and Lepetit, Vincent and Salzmann, Mathieu and Fua, Pascal},
  booktitle={Proceedings of the IEEE conference on computer vision and pattern recognition},
  pages={2666--2674},
  year={2018}
}

@inproceedings{xie2021learning,
  title={Learning to find good correspondences of multiple objects},
  author={Xie, Youye and Tang, Yingheng and Tang, Gongguo and Hoff, William},
  booktitle={2020 25th International Conference on Pattern Recognition (ICPR)},
  pages={2779--2786},
  year={2021},
  organization={IEEE}
}

@article{chang2015shapenet,
  title={Shapenet: An information-rich 3d model repository},
  author={Chang, Angel X and Funkhouser, Thomas and Guibas, Leonidas and Hanrahan, Pat and Huang, Qixing and Li, Zimo and Savarese, Silvio and Savva, Manolis and Song, Shuran and Su, Hao and others},
  journal={arXiv preprint arXiv:1512.03012},
  year={2015}
}

@inproceedings{avetisyan2019scan2cad,
  title={Scan2cad: Learning cad model alignment in rgb-d scans},
  author={Avetisyan, Armen and Dahnert, Manuel and Dai, Angela and Savva, Manolis and Chang, Angel X and Nie{\ss}ner, Matthias},
  booktitle={Proceedings of the IEEE/CVF Conference on computer vision and pattern recognition},
  pages={2614--2623},
  year={2019}
}

@article{sunmodelnet40,
  title={MODELNET40-C: ARobustness BENCHMARK FOR 3D POINT CLOUD RECOGNITION UNDER CORRUPTION},
  author={Sun, Jiachen and Zhang, Qingzhao and Kailkhura, Bhavya and Yu, Zhiding and Xiao, Chaowei and Mao, Z Morley}
}


@misc{jubuhequanjuxinxidetuxiang,
  author = {肖郑磊}, 
  title = {基于局部和全局信息的图像与点云配准算法研究},
}

@article{zidongjiashilujingguihua,
 author = {周慧子 and 胡学敏 and 陈龙 and 田梅 and 熊豆},
 title = {面向自动驾驶的动态路径规划避障算法},
 journal = {计算机应用},
 volume = {37},
 number = {883-888},
 year = {2017},
 issn = {1001-9081},
}

@inproceedings{deng2018ppfnet,
  title={Ppfnet: Global context aware local features for robust 3d point matching},
  author={Deng, Haowen and Birdal, Tolga and Ilic, Slobodan},
  booktitle={Proceedings of the IEEE conference on computer vision and pattern recognition},
  pages={195--205},
  year={2018}
}

@inproceedings{deng2018ppf,
  title={Ppf-foldnet: Unsupervised learning of rotation invariant 3d local descriptors},
  author={Deng, Haowen and Birdal, Tolga and Ilic, Slobodan},
  booktitle={Proceedings of the European conference on computer vision (ECCV)},
  pages={602--618},
  year={2018}
}

@inproceedings{stuckler2012robust,
  title={Robust real-time registration of RGB-D images using multi-resolution surfel representations},
  author={St{\"u}ckler, J{\"o}rg and Behnke, Sven},
  booktitle={ROBOTIK 2012; 7th German Conference on Robotics},
  pages={1--4},
  year={2012},
  organization={VDE}
}

@article{shi2022city,
  title={City-scale Incremental Neural Mapping with Three-layer Sampling and Panoptic Representation},
  author={Shi, Yongliang and Yang, Runyi and Li, Pengfei and Wu, Zirui and Zhao, Hao and Zhou, Guyue},
  journal={arXiv preprint arXiv:2209.14072},
  year={2022}
}

@article{leberl2010point,
  title={Point clouds},
  author={Leberl, Franz and Irschara, Arnold and Pock, Thomas and Meixner, Philipp and Gruber, Michael and Scholz, Set and Wiechert, Alexander},
  journal={Photogrammetric Engineering \& Remote Sensing},
  volume={76},
  number={10},
  pages={1123--1134},
  year={2010},
  publisher={American Society for Photogrammetry and Remote Sensing}
}

@article{guan2020voxel,
  title={Voxel-based quadrilateral mesh generation from point cloud},
  author={Guan, Boliang and Lin, Shujin and Wang, Ruomei and Zhou, Fan and Luo, Xiaonan and Zheng, Yongchuan},
  journal={Multimedia Tools and Applications},
  volume={79},
  pages={20561--20578},
  year={2020},
  publisher={Springer}
}

@inproceedings{jiang2020local,
  title={Local implicit grid representations for 3d scenes},
  author={Jiang, Chiyu and Sud, Avneesh and Makadia, Ameesh and Huang, Jingwei and Nie{\ss}ner, Matthias and Funkhouser, Thomas and others},
  booktitle={Proceedings of the IEEE/CVF Conference on Computer Vision and Pattern Recognition},
  pages={6001--6010},
  year={2020}
}

@inproceedings{cruz2012kinect,
  title={Kinect and rgbd images: Challenges and applications},
  author={Cruz, Leandro and Lucio, Djalma and Velho, Luiz},
  booktitle={2012 25th SIBGRAPI conference on graphics, patterns and images tutorials},
  pages={36--49},
  year={2012},
  organization={IEEE}
}

@article{johnson1997spin,
  title={Spin-images: a representation for 3-D surface matching},
  author={Johnson, Andrew E},
  year={1997},
  publisher={Citeseer}
}

@inproceedings{steder2010narf,
  title={NARF: 3D range image features for object recognition},
  author={Steder, Bastian and Rusu, Radu Bogdan and Konolige, Kurt and Burgard, Wolfram},
  booktitle={Workshop on Defining and Solving Realistic Perception Problems in Personal Robotics at the IEEE/RSJ Int. Conf. on Intelligent Robots and Systems (IROS)},
  volume={44},
  pages={2},
  year={2010},
  organization={Citeseer}
}

@inproceedings{rusu2009fast,
  title={Fast point feature histograms (FPFH) for 3D registration},
  author={Rusu, Radu Bogdan and Blodow, Nico and Beetz, Michael},
  booktitle={2009 IEEE international conference on robotics and automation},
  pages={3212--3217},
  year={2009},
  organization={IEEE}
}

@article{salti2014shot,
  title={SHOT: Unique signatures of histograms for surface and texture description},
  author={Salti, Samuele and Tombari, Federico and Di Stefano, Luigi},
  journal={Computer Vision and Image Understanding},
  volume={125},
  pages={251--264},
  year={2014},
  publisher={Elsevier}
}

@inproceedings{shoemake1985animating,
  title={Animating rotation with quaternion curves},
  author={Shoemake, Ken},
  booktitle={Proceedings of the 12th annual conference on Computer graphics and interactive techniques},
  pages={245--254},
  year={1985}
}

@article{pio1966euler,
  title={Euler angle transformations},
  author={Pio, Richard},
  journal={IEEE Transactions on automatic control},
  volume={11},
  number={4},
  pages={707--715},
  year={1966},
  publisher={IEEE}
}

@article{horn1954doubly,
  title={Doubly stochastic matrices and the diagonal of a rotation matrix},
  author={Horn, Alfred},
  journal={American Journal of Mathematics},
  volume={76},
  number={3},
  pages={620--630},
  year={1954},
  publisher={JSTOR}
}

@article{diebel2006representing,
  title={Representing attitude: Euler angles, unit quaternions, and rotation vectors},
  author={Diebel, James and others},
  journal={Matrix},
  volume={58},
  number={15-16},
  pages={1--35},
  year={2006},
  publisher={Citeseer}
}

@article{vsenk2006rotation,
  title={Rotation sequence as an important factor in shoulder kinematics},
  author={{\v{S}}enk, Miroslav and Cheze, Laurence},
  journal={Clinical biomechanics},
  volume={21},
  pages={S3--S8},
  year={2006},
  publisher={Elsevier}
}

@article{stuelpnagel1964parametrization,
  title={On the parametrization of the three-dimensional rotation group},
  author={Stuelpnagel, John},
  journal={SIAM review},
  volume={6},
  number={4},
  pages={422--430},
  year={1964},
  publisher={SIAM}
}

@article{levinson2020analysis,
  title={An analysis of svd for deep rotation estimation},
  author={Levinson, Jake and Esteves, Carlos and Chen, Kefan and Snavely, Noah and Kanazawa, Angjoo and Rostamizadeh, Afshin and Makadia, Ameesh},
  journal={Advances in Neural Information Processing Systems},
  volume={33},
  pages={22554--22565},
  year={2020}
}

@article{levenberg1944method,
  title={A method for the solution of certain non-linear problems in least squares},
  author={Levenberg, Kenneth},
  journal={Quarterly of applied mathematics},
  volume={2},
  number={2},
  pages={164--168},
  year={1944}
}

@article{李娇娇2022基于深度学习的,
  title={基于深度学习的3维点云处理综述},
  author={李娇娇 and 孙红岩 and 董雨 and 张若晗 and 孙晓鹏},
  journal={计算机研究与发展},
  volume={59},
  number={5},
  pages={20},
  year={2022},
}

@article{siddiqi2008retrieving,
  title={Retrieving articulated 3-D models using medial surfaces},
  author={Siddiqi, Kaleem and Zhang, Juan and Macrini, Diego and Shokoufandeh, Ali and Bouix, Sylvain and Dickinson, Sven},
  journal={Machine vision and applications},
  volume={19},
  pages={261--275},
  year={2008},
  publisher={Springer}
}

@inproceedings{de2013unsupervised,
  title={Unsupervised feature learning for classification of outdoor 3d scans},
  author={De Deuge, Mark and Quadros, Alastair and Hung, Calvin and Douillard, Bertrand},
  booktitle={Australasian conference on robitics and automation},
  volume={2},
  number={1},
  year={2013},
  organization={University of New South Wales Kensington, Australia}
}

@inproceedings{wu20153d,
  title={3d shapenets: A deep representation for volumetric shapes},
  author={Wu, Zhirong and Song, Shuran and Khosla, Aditya and Yu, Fisher and Zhang, Linguang and Tang, Xiaoou and Xiao, Jianxiong},
  booktitle={Proceedings of the IEEE conference on computer vision and pattern recognition},
  pages={1912--1920},
  year={2015}
}

@inproceedings{dai2017scannet,
  title={Scannet: Richly-annotated 3d reconstructions of indoor scenes},
  author={Dai, Angela and Chang, Angel X and Savva, Manolis and Halber, Maciej and Funkhouser, Thomas and Nie{\ss}ner, Matthias},
  booktitle={Proceedings of the IEEE conference on computer vision and pattern recognition},
  pages={5828--5839},
  year={2017}
}

@inproceedings{uy2019revisiting,
  title={Revisiting point cloud classification: A new benchmark dataset and classification model on real-world data},
  author={Uy, Mikaela Angelina and Pham, Quang-Hieu and Hua, Binh-Son and Nguyen, Thanh and Yeung, Sai-Kit},
  booktitle={Proceedings of the IEEE/CVF international conference on computer vision},
  pages={1588--1597},
  year={2019}
}

@inproceedings{armeni20163d,
  title={3d semantic parsing of large-scale indoor spaces},
  author={Armeni, Iro and Sener, Ozan and Zamir, Amir R and Jiang, Helen and Brilakis, Ioannis and Fischer, Martin and Savarese, Silvio},
  booktitle={Proceedings of the IEEE conference on computer vision and pattern recognition},
  pages={1534--1543},
  year={2016}
}

@inproceedings{shotton2013scene,
  title={Scene coordinate regression forests for camera relocalization in RGB-D images},
  author={Shotton, Jamie and Glocker, Ben and Zach, Christopher and Izadi, Shahram and Criminisi, Antonio and Fitzgibbon, Andrew},
  booktitle={Proceedings of the IEEE conference on computer vision and pattern recognition},
  pages={2930--2937},
  year={2013}
}


@article{chang2017matterport3d,
  title={Matterport3d: Learning from rgb-d data in indoor environments},
  author={Chang, Angel and Dai, Angela and Funkhouser, Thomas and Halber, Maciej and Niessner, Matthias and Savva, Manolis and Song, Shuran and Zeng, Andy and Zhang, Yinda},
  journal={arXiv preprint arXiv:1709.06158},
  year={2017}
}

@inproceedings{FCGF2019,
    author = {Christopher Choy and Jaesik Park and Vladlen Koltun},
    title = {Fully Convolutional Geometric Features},
    booktitle = {ICCV},
    year = {2019},
}

@article{wang2019dynamic,
  title={Dynamic graph cnn for learning on point clouds},
  author={Wang, Yue and Sun, Yongbin and Liu, Ziwei and Sarma, Sanjay E and Bronstein, Michael M and Solomon, Justin M},
  journal={Acm Transactions On Graphics (tog)},
  volume={38},
  number={5},
  pages={1--12},
  year={2019},
  publisher={ACM New York, NY, USA}
}

@article{qi2017pointnet++,
  title={Pointnet++: Deep hierarchical feature learning on point sets in a metric space},
  author={Qi, Charles Ruizhongtai and Yi, Li and Su, Hao and Guibas, Leonidas J},
  journal={Advances in neural information processing systems},
  volume={30},
  year={2017}
}

@article{lecun2015deep,
  title={Deep learning},
  author={LeCun, Yann and Bengio, Yoshua and Hinton, Geoffrey},
  journal={nature},
  volume={521},
  number={7553},
  pages={436--444},
  year={2015},
  publisher={Nature Publishing Group UK London}
}

@inproceedings{choy2020deep,
  title={Deep global registration},
  author={Choy, Christopher and Dong, Wei and Koltun, Vladlen},
  booktitle={Proceedings of the IEEE/CVF conference on computer vision and pattern recognition},
  pages={2514--2523},
  year={2020}
}

@article{huang2022multiway,
  title={Multiway non-rigid point cloud registration via learned functional map synchronization},
  author={Huang, Jiahui and Birdal, Tolga and Gojcic, Zan and Guibas, Leonidas J and Hu, Shi-Min},
  journal={IEEE Transactions on Pattern Analysis and Machine Intelligence},
  year={2022},
  publisher={IEEE}
}

@inproceedings{lu2019deepvcp,
  title={Deepvcp: An end-to-end deep neural network for point cloud registration},
  author={Lu, Weixin and Wan, Guowei and Zhou, Yao and Fu, Xiangyu and Yuan, Pengfei and Song, Shiyu},
  booktitle={Proceedings of the IEEE/CVF International Conference on Computer Vision},
  pages={12--21},
  year={2019}
}

@inproceedings{abadi2016tensorflow,
  title={TensorFlow: learning functions at scale},
  author={Abadi, Mart{\'\i}n},
  booktitle={Proceedings of the 21st ACM SIGPLAN International Conference on Functional Programming},
  pages={1--1},
  year={2016}
}

@article{paszke2019pytorch,
  title={Pytorch: An imperative style, high-performance deep learning library},
  author={Paszke, Adam and Gross, Sam and Massa, Francisco and Lerer, Adam and Bradbury, James and Chanan, Gregory and Killeen, Trevor and Lin, Zeming and Gimelshein, Natalia and Antiga, Luca and others},
  journal={Advances in neural information processing systems},
  volume={32},
  year={2019}
}

@article{ma2019paddlepaddle,
  title={PaddlePaddle: An open-source deep learning platform from industrial practice},
  author={Ma, Yanjun and Yu, Dianhai and Wu, Tian and Wang, Haifeng},
  journal={Frontiers of Data and Domputing},
  volume={1},
  number={1},
  pages={105--115},
  year={2019}
}

@article{chen2015mxnet,
  title={Mxnet: A flexible and efficient machine learning library for heterogeneous distributed systems},
  author={Chen, Tianqi and Li, Mu and Li, Yutian and Lin, Min and Wang, Naiyan and Wang, Minjie and Xiao, Tianjun and Xu, Bing and Zhang, Chiyuan and Zhang, Zheng},
  journal={arXiv preprint arXiv:1512.01274},
  year={2015}
}

@article{kingma2014adam,
  title={Adam: A method for stochastic optimization},
  author={Kingma, Diederik P and Ba, Jimmy},
  journal={arXiv preprint arXiv:1412.6980},
  year={2014}
}

@inproceedings{he2020momentum,
  title={Momentum contrast for unsupervised visual representation learning},
  author={He, Kaiming and Fan, Haoqi and Wu, Yuxin and Xie, Saining and Girshick, Ross},
  booktitle={Proceedings of the IEEE/CVF conference on computer vision and pattern recognition},
  pages={9729--9738},
  year={2020}
}

@article{chua1993cnn,
  title={The CNN paradigm},
  author={Chua, Leon O and Roska, Tamas},
  journal={IEEE Transactions on Circuits and Systems I: Fundamental Theory and Applications},
  volume={40},
  number={3},
  pages={147--156},
  year={1993},
  publisher={IEEE}
}

@inproceedings{albawi2017understanding,
  title={Understanding of a convolutional neural network},
  author={Albawi, Saad and Mohammed, Tareq Abed and Al-Zawi, Saad},
  booktitle={2017 international conference on engineering and technology (ICET)},
  pages={1--6},
  year={2017},
  organization={Ieee}
}

@article{sabour2017dynamic,
  title={Dynamic routing between capsules},
  author={Sabour, Sara and Frosst, Nicholas and Hinton, Geoffrey E},
  journal={Advances in neural information processing systems},
  volume={30},
  year={2017}
}

@article{li2020evaluation,
  title={Evaluation of the ICP algorithm in 3D point cloud registration},
  author={Li, Peng and Wang, Ruisheng and Wang, Yanxia and Tao, Wuyong},
  journal={IEEE Access},
  volume={8},
  pages={68030--68048},
  year={2020},
  publisher={IEEE}
}

@article{shi2020improved,
  title={Improved Iterative Closest Point (ICP) 3D point cloud registration algorithm based on point cloud filtering and adaptive fireworks for coarse registration},
  author={Shi, Xiaojing and Liu, Tao and Han, Xie},
  journal={International Journal of Remote Sensing},
  volume={41},
  number={8},
  pages={3197--3220},
  year={2020},
  publisher={Taylor \& Francis}
}

@inproceedings{shi2021robin,
  title={ROBIN: a graph-theoretic approach to reject outliers in robust estimation using invariants},
  author={Shi, Jingnan and Yang, Heng and Carlone, Luca},
  booktitle=ICRA,
  pages={13820--13827},
  year={2021},
  organization={IEEE}
}

@INPROCEEDINGS{matrix,
  author={Buch, Anders Glent and Yang, Yang and Krüger, Norbert and Petersen, Henrik Gordon},
  booktitle=CVPR, 
  title={In Search of Inliers: 3D Correspondence by Local and Global Voting}, 
  year={2014},
  volume={},
  number={},
  pages={2075-2082},
  doi={10.1109/CVPR.2014.266}}

@article{reviewof3dourlierremovingjiaqiYang,
archivePrefix = {arXiv},
arxivId = {1907.02890},
author = {Yang, Jiaqi and Xian, Ke and Wang, Peng and Zhang, Yanning},
doi = {10.1109/tpami.2019.2960234},
eprint = {1907.02890},
file = {:D\:/OneDrive - sjtu.edu.cn/Mendeley/Yang et al. - 2019 - A Performance Evaluation of Correspondence Grouping Methods for 3D Rigid Data Matching.pdf:pdf},
issn = {0162-8828},
journal = PAMI,
number = {8},
pages = {1--1},
title = {A Performance Evaluation of Correspondence Grouping Methods for 3D Rigid Data Matching},
volume = {14},
year = {2019}
}

@article{parra2019practical,
  title={A Practical Maximum Clique Algorithm for Matching with Pairwise Constraints},
  author={Parra, {\'A}lvaro and Chin, Tat-Jun and Neumann, Frank and Friedrich, Tobias and Katzmann, Maximilian},
  journal={arXiv preprint arXiv:1902.01534},
  year={2019}
}

@article{PyTorch,
  title={Automatic differentiation in PyTorch},
  author={Paszke, Adam and Gross, Sam and Chintala, Soumith and Chanan, Gregory and Yang, Edward and DeVito, Zachary and Lin, Zeming and Desmaison, Alban and Antiga, Luca and Lerer, Adam},
  year={2017}
}

@article{tian2020makes,
  title={What makes for good views for contrastive learning?},
  author={Tian, Yonglong and Sun, Chen and Poole, Ben and Krishnan, Dilip and Schmid, Cordelia and Isola, Phillip},
  journal={Advances in neural information processing systems},
  volume={33},
  pages={6827--6839},
  year={2020}
}

@article{lin2015Deephash,
  title={Deephash: Getting regularization, depth and fine-tuning right},
  author={Lin, Jie and Morere, Olivier and Chandrasekhar, Vijay and Veillard, Antoine and Goh, Hanlin},
  journal={arXiv preprint arXiv:1501.04711},
  year={2015}
}

@inproceedings{heckel2013subspace,
  title={Subspace clustering via thresholding and spectral clustering},
  author={Heckel, Reinhard and B{\"o}lcskei, Helmut},
  booktitle={2013 IEEE International Conference on Acoustics, Speech and Signal Processing},
  pages={3263--3267},
  year={2013},
  organization={IEEE}
}

@inproceedings{torr2002napsac,
  title={Napsac: High noise, high dimensional robust estimation-it’s in the bag},
  author={Torr, Philip Hilaire and Nasuto, Slawomir J and Bishop, John Mark},
  booktitle={British Machine Vision Conference (BMVC)},
  volume={2},
  pages={3},
  year={2002}
}

@article{von2007tutorial,
  title={A tutorial on spectral clustering},
  author={Von Luxburg, Ulrike},
  journal={Statistics and computing},
  volume={17},
  number={4},
  pages={395--416},
  year={2007},
  publisher={Springer}
}

@inproceedings{li2007noise,
  title={Noise robust spectral clustering},
  author={Li, Zhenguo and Liu, Jianzhuang and Chen, Shifeng and Tang, Xiaoou},
  booktitle={2007 IEEE 11th International Conference on Computer Vision},
  pages={1--8},
  year={2007},
  organization={IEEE}
}

@article{fischler1981random,
  title={Random sample consensus: a paradigm for model fitting with applications to image analysis and automated cartography},
  author={Fischler, Martin A and Bolles, Robert C},
  journal={Communications of the ACM},
  volume={24},
  number={6},
  pages={381--395},
  year={1981},
  publisher={ACM New York, NY, USA}
}

@article{Pedregosa2011Scikit,
  title={Scikit-learn: Machine learning in Python},
  author={Pedregosa, Fabian and Varoquaux, Ga{\"e}l and Gramfort, Alexandre and Michel, Vincent and Thirion, Bertrand and Grisel, Olivier and Blondel, Mathieu and Prettenhofer, Peter and Weiss, Ron and Dubourg, Vincent and others},
  journal={the Journal of machine Learning research},
  volume={12},
  pages={2825--2830},
  year={2011},
  publisher={JMLR. org}
}

@article{pomerleau2015review,
  title={A review of point cloud registration algorithms for mobile robotics},
  author={Pomerleau, Fran{\c{c}}ois and Colas, Francis and Siegwart, Roland and others},
  journal={Foundations and Trends{\textregistered} in Robotics},
  volume={4},
  number={1},
  pages={1--104},
  year={2015},
  publisher={Now Publishers, Inc.}
}

@inproceedings{wang2022you,
  title={You only hypothesize once: Point cloud registration with rotation-equivariant descriptors},
  author={Wang, Haiping and Liu, Yuan and Dong, Zhen and Wang, Wenping},
  booktitle={Proceedings of the 30th ACM International Conference on Multimedia},
  pages={1630--1641},
  year={2022}
}