G@String(PAMI = {IEEE Trans. Pattern Anal. Mach. Intell.})
@String(IJCV = {Int. J. Comput. Vis.})
@String(CVPR= {IEEE Conf. Comput. Vis. Pattern Recog.})
@String(ICCV= {Int. Conf. Comput. Vis.})
@String(ECCV= {Eur. Conf. Comput. Vis.})
@String(NIPS= {Adv. Neural Inform. Process. Syst.})
@String(ICPR = {Int. Conf. Pattern Recog.})
@String(BMVC= {Brit. Mach. Vis. Conf.})
@String(TOG= {ACM Trans. Graph.})
@String(TIP  = {IEEE Trans. Image Process.})
@String(TVCG  = {IEEE Trans. Vis. Comput. Graph.})
@String(TMM  = {IEEE Trans. Multimedia})
@String(ACMMM= {ACM Int. Conf. Multimedia})
@String(ICME = {Int. Conf. Multimedia and Expo})
@String(ICASSP=	{ICASSP})
@String(ICIP = {IEEE Int. Conf. Image Process.})
@String(ACCV  = {ACCV})
@String(ICLR = {Int. Conf. Learn. Represent.})
@String(IJCAI = {IJCAI})
@String(PR   = {Pattern Recognition})
@String(AAAI = {AAAI})
@String(CVPRW= {IEEE Conf. Comput. Vis. Pattern Recog. Worksh.})
@String(CSVT = {IEEE Trans. Circuit Syst. Video Technol.})

@String(SPL	= {IEEE Sign. Process. Letters})
@String(VR   = {Vis. Res.})
@String(JOV	 = {J. Vis.})
@String(TVC  = {The Vis. Comput.})
@String(JCST  = {J. Comput. Sci. Tech.})
@String(CGF  = {Comput. Graph. Forum})
@String(CVM = {Computational Visual Media})


@String(PAMI  = {IEEE TPAMI})
@String(IJCV  = {IJCV})
@String(CVPR  = {CVPR})
@String(ICCV  = {ICCV})
@String(ECCV  = {ECCV})
@String(NIPS  = {NeurIPS})
@String(ICPR  = {ICPR})
@String(BMVC  =	{BMVC})
@String(TOG   = {ACM TOG})
@String(TIP   = {IEEE TIP})
@String(TVCG  = {IEEE TVCG})
@String(TCSVT = {IEEE TCSVT})
@String(TMM   =	{IEEE TMM})
@String(ACMMM = {ACM MM})
@String(ICME  =	{ICME})
@String(ICASSP=	{ICASSP})
@String(ICIP  = {ICIP})
@String(ACCV  = {ACCV})
@String(ICLR  = {ICLR})
@String(IJCAI = {IJCAI})
@String(PR = {PR})
@String(AAAI = {AAAI})
@String(CVPRW= {CVPRW})
@String(CSVT = {IEEE TCSVT})

@String(ICRA = {ICRA})
@String(NAACL = {NAACL})



@inproceedings{aoki2019pointnetlk,
  title={Pointnetlk: Robust \& efficient point cloud registration using pointnet},
  author={Aoki, Yasuhiro and Goforth, Hunter and Srivatsan, Rangaprasad Arun and Lucey, Simon},
  booktitle=CVPR,
  pages={7163--7172},
  year={2019}
}

@inproceedings{bai2020d3feat,
  title={D3feat: Joint learning of dense detection and description of 3d local features},
  author={Bai, Xuyang and Luo, Zixin and Zhou, Lei and Fu, Hongbo and Quan, Long and Tai, Chiew-Lan},
  booktitle=CVPR,
  pages={6359--6367},
  year={2020}
}

@inproceedings{bai2021pointdsc,
  title={PointDSC: Robust Point Cloud Registration using Deep Spatial Consistency},
  author={Bai, Xuyang and Luo, Zixin and Zhou, Lei and Chen, Hongkai and Li, Lei and Hu, Zeyu and Fu, Hongbo and Tai, Chiew-Lan},
  booktitle=CVPR,
  pages={15859--15869},
  year={2021}
}

@inproceedings{choy2020deep,
  title={Deep global registration},
  author={Choy, Christopher and Dong, Wei and Koltun, Vladlen},
  booktitle=CVPR,
  pages={2514--2523},
  year={2020}
}

@inproceedings{choy2019fully,
  title={Fully convolutional geometric features},
  author={Choy, Christopher and Park, Jaesik and Koltun, Vladlen},
  booktitle=CVPR,
  pages={8958--8966},
  year={2019}
}

@inproceedings{deng2018ppf,
  title={Ppf-foldnet: Unsupervised learning of rotation invariant 3d local descriptors},
  author={Deng, Haowen and Birdal, Tolga and Ilic, Slobodan},
  booktitle=ECCV,
  pages={602--618},
  year={2018}
}

@inproceedings{deng2018ppfnet,
  title={Ppfnet: Global context aware local features for robust 3d point matching},
  author={Deng, Haowen and Birdal, Tolga and Ilic, Slobodan},
  booktitle=CVPR,
  pages={195--205},
  year={2018}
}

@inproceedings{gojcic2019perfect,
  title={The perfect match: 3d point cloud matching with smoothed densities},
  author={Gojcic, Zan and Zhou, Caifa and Wegner, Jan D and Wieser, Andreas},
  booktitle=CVPR,
  pages={5545--5554},
  year={2019}
}

@inproceedings{huang2020feature,
  title={Feature-metric registration: A fast semi-supervised approach for robust point cloud registration without correspondences},
  author={Huang, Xiaoshui and Mei, Guofeng and Zhang, Jian},
  booktitle=CVPR,
  pages={11366--11374},
  year={2020}
}

@inproceedings{wang2019prnet,
  title={PRNet: self-supervised learning for partial-to-partial registration},
  author={Wang, Yue and Solomon, Justin},
  booktitle=NIPS,
  pages={8814--8826},
  year={2019}
}

@inproceedings{fu2021robust,
  title={Robust Point Cloud Registration Framework Based on Deep Graph Matching},
  author={Fu, Kexue and Liu, Shaolei and Luo, Xiaoyuan and Wang, Manning},
  booktitle=CVPR,
  pages={8893--8902},
  year={2021}
}

@inproceedings{huang2021predator,
  title={PREDATOR: Registration of 3D Point Clouds with Low Overlap},
  author={Huang, Shengyu and Gojcic, Zan and Usvyatsov, Mikhail and Wieser, Andreas and Schindler, Konrad},
  booktitle=CVPR,
  pages={4267--4276},
  year={2021}
}

@inproceedings{lu2021hregnet,
  title={HRegNet: A Hierarchical Network for Large-scale Outdoor LiDAR Point Cloud Registration},
  author={Lu, Fan and Chen, Guang and Liu, Yinlong and Zhang, Lijun and Qu, Sanqing and Liu, Shu and Gu, Rongqi},
  booktitle=ICCV,
  pages={16014--16023},
  year={2021}
}

@inproceedings{pais20203dregnet,
  title={3dregnet: A deep neural network for 3d point registration},
  author={Pais, G Dias and Ramalingam, Srikumar and Govindu, Venu Madhav and Nascimento, Jacinto C and Chellappa, Rama and Miraldo, Pedro},
  booktitle=CVPR,
  pages={7193--7203},
  year={2020}
}

@inproceedings{lee2021deep,
  title={Deep Hough Voting for Robust Global Registration},
  author={Lee, Junha and Kim, Seungwook and Cho, Minsu and Park, Jaesik},
  booktitle=ICCV,
  pages={15994--16003},
  year={2021}
}

@inproceedings{cao2021pcam,
  title={PCAM: Product of Cross-Attention Matrices for Rigid Registration of Point Clouds},
  author={Cao, Anh-Quan and Puy, Gilles and Boulch, Alexandre and Marlet, Renaud},
  booktitle=ICCV,
  pages={13229--13238},
  year={2021}
}

@inproceedings{wang2019deep,
  title={Deep closest point: Learning representations for point cloud registration},
  author={Wang, Yue and Solomon, Justin M},
  booktitle=ICCV,
  pages={3523--3532},
  year={2019}
}

@inproceedings{xu2021omnet,
  title={OMNet: Learning Overlapping Mask for Partial-to-Partial Point Cloud Registration},
  author={Xu, Hao and Liu, Shuaicheng and Wang, Guangfu and Liu, Guanghui and Zeng, Bing},
  booktitle=ICCV,
  year={2021},
  pages={3132-3141}
}

@inproceedings{yew20183dfeat,
  title={3dfeat-net: Weakly supervised local 3d features for point cloud registration},
  author={Yew, Zi Jian and Lee, Gim Hee},
  booktitle=ECCV,
  pages={607--623},
  year={2018}
}

@inproceedings{yew2020rpm,
  title={Rpm-net: Robust point matching using learned features},
  author={Yew, Zi Jian and Lee, Gim Hee},
  booktitle=CVPR,
  pages={11824--11833},
  year={2020}
}

@inproceedings{zeng20173dmatch,
  title={3dmatch: Learning local geometric descriptors from rgb-d reconstructions},
  author={Zeng, Andy and Song, Shuran and Nie{\ss}ner, Matthias and Fisher, Matthew and Xiao, Jianxiong and Funkhouser, Thomas},
  booktitle=CVPR,
  pages={1802--1811},
  year={2017}
}

@article{wang2021you,
  title={You Only Hypothesize Once: Point Cloud Registration with Rotation-equivariant Descriptors},
  author={Wang, Haiping and Liu, Yuan and Dong, Zhen and Wang, Wenping and Yang, Bisheng},
  journal={arXiv preprint arXiv:2109.00182},
  year={2021}
}

@inproceedings{ao2021spinnet,
  title={SpinNet: Learning a General Surface Descriptor for 3D Point Cloud Registration},
  author={Ao, Sheng and Hu, Qingyong and Yang, Bo and Markham, Andrew and Guo, Yulan},
  booktitle=CVPR,
  pages={11753--11762},
  year={2021}
}

@article{paszke2019pytorch,
  title={Pytorch: An imperative style, high-performance deep learning library},
  author={Paszke, Adam and Gross, Sam and Massa, Francisco and Lerer, Adam and Bradbury, James and Chanan, Gregory and Killeen, Trevor and Lin, Zeming and Gimelshein, Natalia and Antiga, Luca and others},
  journal=NIPS,
  volume={32},
  pages={8026--8037},
  year={2019}
}

@article{zhou2018open3d,
  title={Open3D: A modern library for 3D data processing},
  author={Zhou, Qian-Yi and Park, Jaesik and Koltun, Vladlen},
  journal={arXiv preprint arXiv:1801.09847},
  year={2018}
}

@article{gower1975generalized,
  title={Generalized procrustes analysis},
  author={Gower, John C},
  journal={Psychometrika},
  volume={40},
  number={1},
  pages={33--51},
  year={1975},
  publisher={Springer}
}

@inproceedings{besl1992method,
  title={Method for registration of 3-D shapes},
  author={Besl, Paul J and McKay, Neil D},
  booktitle={Sensor fusion IV: control paradigms and data structures},
  volume={1611},
  pages={586--606},
  year={1992},
  organization={International Society for Optics and Photonics}
}

@article{fischler1981random,
  title={Random sample consensus: a paradigm for model fitting with applications to image analysis and automated cartography},
  author={Fischler, Martin A and Bolles, Robert C},
  journal={Communications of the ACM},
  volume={24},
  number={6},
  pages={381--395},
  year={1981},
  publisher={ACM New York, NY, USA}
}

@inproceedings{geiger2012we,
  title={Are we ready for autonomous driving? the kitti vision benchmark suite},
  author={Geiger, Andreas and Lenz, Philip and Urtasun, Raquel},
  booktitle=CVPR,
  pages={3354--3361},
  year={2012},
  organization={IEEE}
}

@inproceedings{wu2018group,
  title={Group normalization},
  author={Wu, Yuxin and He, Kaiming},
  booktitle=ECCV,
  pages={3--19},
  year={2018}
}

@inproceedings{thomas2019kpconv,
  title={Kpconv: Flexible and deformable convolution for point clouds},
  author={Thomas, Hugues and Qi, Charles R and Deschaud, Jean-Emmanuel and Marcotegui, Beatriz and Goulette, Fran{\c{c}}ois and Guibas, Leonidas J},
  booktitle=ICCV,
  pages={6411--6420},
  year={2019}
}

@article{wang2019dynamic,
  title={Dynamic graph cnn for learning on point clouds},
  author={Wang, Yue and Sun, Yongbin and Liu, Ziwei and Sarma, Sanjay E and Bronstein, Michael M and Solomon, Justin M},
  journal=TOG,
  volume={38},
  number={5},
  pages={1--12},
  year={2019},
  publisher={ACM New York, NY, USA}
}

@inproceedings{li2018so,
  title={So-net: Self-organizing network for point cloud analysis},
  author={Li, Jiaxin and Chen, Ben M and Lee, Gim Hee},
  booktitle=CVPR,
  pages={9397--9406},
  year={2018}
}

@inproceedings{vaswani2017attention,
  title={Attention is all you need},
  author={Vaswani, Ashish and Shazeer, Noam and Parmar, Niki and Uszkoreit, Jakob and Jones, Llion and Gomez, Aidan N and Kaiser, {\L}ukasz and Polosukhin, Illia},
  booktitle=NIPS,
  pages={5998--6008},
  year={2017}
}

@inproceedings{shaw2018self,
  title={Self-Attention with Relative Position Representations},
  author={Shaw, Peter and Uszkoreit, Jakob and Vaswani, Ashish},
  booktitle=NAACL,
  pages={464--468},
  year={2018}
}

@article{wu2021rethinking,
  title={Rethinking and Improving Relative Position Encoding for Vision Transformer},
  author={Wu, Kan and Peng, Houwen and Chen, Minghao and Fu, Jianlong and Chao, Hongyang},
  journal={arXiv preprint arXiv:2107.14222},
  year={2021}
}

@inproceedings{dosovitskiy2020image,
  title={An image is worth 16x16 words: Transformers for image recognition at scale},
  author={Dosovitskiy, Alexey and Beyer, Lucas and Kolesnikov, Alexander and Weissenborn, Dirk and Zhai, Xiaohua and Unterthiner, Thomas and Dehghani, Mostafa and Minderer, Matthias and Heigold, Georg and Gelly, Sylvain and others},
  journal=ICLR,
  year={2021}
}

@inproceedings{wang2020axial,
  title={Axial-deeplab: Stand-alone axial-attention for panoptic segmentation},
  author={Wang, Huiyu and Zhu, Yukun and Green, Bradley and Adam, Hartwig and Yuille, Alan and Chen, Liang-Chieh},
  booktitle=ECCV,
  pages={108--126},
  year={2020},
  organization={Springer}
}

@inproceedings{zhao2021point,
  title={Point transformer},
  author={Zhao, Hengshuang and Jiang, Li and Jia, Jiaya and Torr, Philip HS and Koltun, Vladlen},
  booktitle=ICCV,
  pages={16259--16268},
  year={2021}
}

@inproceedings{yang2019modeling,
  title={Modeling point clouds with self-attention and gumbel subset sampling},
  author={Yang, Jiancheng and Zhang, Qiang and Ni, Bingbing and Li, Linguo and Liu, Jinxian and Zhou, Mengdie and Tian, Qi},
  booktitle=CVPR,
  pages={3323--3332},
  year={2019}
}

@inproceedings{rusu2009fast,
  title={Fast point feature histograms (FPFH) for 3D registration},
  author={Rusu, Radu Bogdan and Blodow, Nico and Beetz, Michael},
  booktitle=ICRA,
  pages={3212--3217},
  year={2009},
  organization={IEEE}
}

@inproceedings{drost2010model,
  title={Model globally, match locally: Efficient and robust 3D object recognition},
  author={Drost, Bertram and Ulrich, Markus and Navab, Nassir and Ilic, Slobodan},
  booktitle=CVPR,
  pages={998--1005},
  year={2010},
  organization={IEEE}
}

@inproceedings{raposo2017using,
  title={Using 2 point+ normal sets for fast registration of point clouds with small overlap},
  author={Raposo, Carolina and Barreto, Joao P},
  booktitle=ICRA,
  pages={5652--5658},
  year={2017},
  organization={IEEE}
}

% Stereo Matching

@inproceedings{lin2017feature,
  title={Feature pyramid networks for object detection},
  author={Lin, Tsung-Yi and Doll{\'a}r, Piotr and Girshick, Ross and He, Kaiming and Hariharan, Bharath and Belongie, Serge},
  booktitle=CVPR,
  pages={2117--2125},
  year={2017}
}

@article{rocco2018neighbourhood,
  title={Neighbourhood Consensus Networks},
  author={Rocco, Ignacio and Cimpoi, Mircea and Arandjelovi{\'c}, Relja and Torii, Akihiko and Pajdla, Tomas and Sivic, Josef},
  journal=NIPS,
  volume={31},
  pages={1651--1662},
  year={2018}
}

@article{tyszkiewicz2020disk,
  title={DISK: Learning local features with policy gradient},
  author={Tyszkiewicz, Micha{\l} J and Fua, Pascal and Trulls, Eduard},
  journal={arXiv preprint arXiv:2006.13566},
  year={2020}
}

@inproceedings{sun2021loftr,
  title={LoFTR: Detector-free local feature matching with transformers},
  author={Sun, Jiaming and Shen, Zehong and Wang, Yuang and Bao, Hujun and Zhou, Xiaowei},
  booktitle=CVPR,
  pages={8922--8931},
  year={2021}
}

@inproceedings{li2020correspondence,
  title={Correspondence networks with adaptive neighbourhood consensus},
  author={Li, Shuda and Han, Kai and Costain, Theo W and Howard-Jenkins, Henry and Prisacariu, Victor},
  booktitle=CVPR,
  pages={10196--10205},
  year={2020}
}

@article{li2020dual,
  title={Dual-resolution correspondence networks},
  author={Li, Xinghui and Han, Kai and Li, Shuda and Prisacariu, Victor},
  journal=NIPS,
  volume={33},
  year={2020}
}

@inproceedings{lee2021patchmatch,
  title={PatchMatch-Based Neighborhood Consensus for Semantic Correspondence},
  author={Lee, Jae Yong and DeGol, Joseph and Fragoso, Victor and Sinha, Sudipta N},
  booktitle=CVPR,
  pages={13153--13163},
  year={2021}
}

@inproceedings{sarlin2020superglue,
  title={Superglue: Learning feature matching with graph neural networks},
  author={Sarlin, Paul-Edouard and DeTone, Daniel and Malisiewicz, Tomasz and Rabinovich, Andrew},
  booktitle=CVPR,
  pages={4938--4947},
  year={2020}
}

@inproceedings{zhou2021patch2pix,
  title={Patch2pix: Epipolar-guided pixel-level correspondences},
  author={Zhou, Qunjie and Sattler, Torsten and Leal-Taixe, Laura},
  booktitle=CVPR,
  pages={4669--4678},
  year={2021}
}

% Loss Funcion

@inproceedings{sun2020circle,
  title={Circle loss: A unified perspective of pair similarity optimization},
  author={Sun, Yifan and Cheng, Changmao and Zhang, Yuhan and Zhang, Chi and Zheng, Liang and Wang, Zhongdao and Wei, Yichen},
  booktitle=CVPR,
  pages={6398--6407},
  year={2020}
}

@inproceedings{kingma2014adam,
  title={Adam: A method for stochastic optimization},
  author={Kingma, Diederik P and Ba, Jimmy},
  journal=ICLR,
  year={2015}
}

% Sinkhorn

@article{sinkhorn1967concerning,
  title={Concerning nonnegative matrices and doubly stochastic matrices},
  author={Sinkhorn, Richard and Knopp, Paul},
  journal={Pacific Journal of Mathematics},
  volume={21},
  number={2},
  pages={343--348},
  year={1967},
  publisher={Mathematical Sciences Publishers}
}

% Point Cloud Object Detection

@article{liu2021group,
  title={Group-Free 3D Object Detection via Transformers},
  author={Liu, Ze and Zhang, Zheng and Cao, Yue and Hu, Han and Tong, Xin},
  journal={arXiv preprint arXiv:2104.00678},
  year={2021}
}

@article{yu2021cofinet,
  title={CoFiNet: Reliable Coarse-to-ﬁne Correspondences for Robust Point Cloud Registration},
  author={Hao Yu and Fu Li and Mahdi Saleh and Benjamin Busam and Slobodan Ilic},
  journal={arXiv preprint arXiv:2110.14076},
  year={2021}
}
